@article{kwatra2003graphcut,
  title={Graphcut textures: image and video synthesis using graph cuts},
  author={Kwatra, Vivek and Sch{\"o}dl, Arno and Essa, Irfan and Turk, Greg and Bobick, Aaron},
  journal={ACM Transactions on Graphics (ToG)},
  volume={22},
  number={3},
  pages={277--286},
  year={2003},
  publisher={ACM New York, NY, USA}
}
@article{cheriyan1989analysis,
  title={Analysis of preflow push algorithms for maximum network flow},
  author={Cheriyan, Joseph and Maheshwari, SN},
  journal={SIAM Journal on Computing},
  volume={18},
  number={6},
  pages={1057--1086},
  year={1989},
  publisher={SIAM}
}
@inproceedings{lowe1999object,
  title={Object recognition from local scale-invariant features},
  author={Lowe, David G},
  booktitle={Proceedings of the seventh IEEE international conference on computer vision},
  volume={2},
  pages={1150--1157},
  year={1999},
  organization={Ieee}
}
@incollection{perez2003poisson,
  title={Poisson image editing},
  author={P{\'e}rez, Patrick and Gangnet, Michel and Blake, Andrew},
  booktitle={ACM SIGGRAPH 2003 Papers},
  pages={313--318},
  year={2003}
}