@incollection{codd2002relational,
  title={A relational model of data for large shared data banks},
  author={Codd, Edgar F},
  booktitle={Software pioneers},
  pages={263--294},
  year={2002},
  publisher={Springer}
}