@incollection{avidan2007seam,
  title={Seam carving for content-aware image resizing},
  author={Avidan, Shai and Shamir, Ariel},
  booktitle={ACM SIGGRAPH 2007 papers},
  pages={10--es},
  year={2007}
}
@article{rubinstein2008improved,
  title={Improved seam carving for video retargeting},
  author={Rubinstein, Michael and Shamir, Ariel and Avidan, Shai},
  journal={ACM transactions on graphics (TOG)},
  volume={27},
  number={3},
  pages={1--9},
  year={2008},
  publisher={ACM New York, NY, USA}
}