@incollection{perez2003poisson,
  title={Poisson image editing},
  author={P{\'e}rez, Patrick and Gangnet, Michel and Blake, Andrew},
  booktitle={ACM SIGGRAPH 2003 Papers},
  pages={313--318},
  year={2003}
}
@inproceedings{seitz1996view,
  title={View morphing},
  author={Seitz, Steven M and Dyer, Charles R},
  booktitle={Proceedings of the 23rd annual conference on Computer graphics and interactive techniques},
  pages={21--30},
  year={1996}
}
@misc{eightpoint,
  title={Eight-point algorithm},
  howpublished={\url{https://en.wikipedia.org/wiki/Eight-point_algorithm}},
  note={Accessed: 2020-04-20}
}